@book{geometria,
  author = {Lehmann, Charles H},
  title = {Geometr\'ia  anal√≠tica},
  publisher = {LIMUSA},
  year = 1965
}

@misc{repositorio,
  author = {Cynthia Ivanna Cruz Quinones},
  title = {{Repositorio de Github}},
  howpublished = "\url{https://github.com/CynthiaCruzqn/MatematicasComputacionales.git}",
  year = {2021}
}