@misc{repositorio,
  author = {Cynthia Ivanna Cruz Quinones},
  title = {{Repositorio de Github}},
  howpublished = "\url{https://github.com/CynthiaCruzqn/MatematicasComputacionales.git}",
  year = {2021}
}
